<record><leader>00000cas a22000007a 4500</leader><controlfield tag="001">9235401</controlfield><controlfield tag="008">830218d18241825meuwr ne      0    0eng  </controlfield><controlfield tag="009">466</controlfield><datafield ind1=" " ind2=" " tag="010"><subfield code="a">sn 83009623 </subfield></datafield><datafield ind1=" " ind2=" " tag="040"><subfield code="a">DLC</subfield><subfield code="b">eng</subfield><subfield code="c">DLC</subfield><subfield code="d">MGN</subfield><subfield code="d">MBN</subfield><subfield code="d">OCL</subfield><subfield code="d">OCLCO</subfield></datafield><datafield ind1="1" ind2=" " tag="029"><subfield code="a">AU@</subfield><subfield code="b">000020121120</subfield></datafield><datafield ind1=" " ind2=" " tag="042"><subfield code="a">msc</subfield></datafield><datafield ind1="0" ind2="0" tag="050"><subfield code="a">Newspaper 8007-X</subfield></datafield><datafield ind1="0" ind2="0" tag="245"><subfield code="a">Eastern star &amp; Washington advertiser.</subfield></datafield><datafield ind1="0" ind2="0" tag="246"><subfield code="a">Eastern star and Washington advertiser</subfield></datafield><datafield ind1=" " ind2=" " tag="260"><subfield code="a">Machias East Falls, Me. :</subfield><subfield code="b">Jeremiah O. Balch,</subfield></datafield><datafield ind1=" " ind2=" " tag="300"><subfield code="a">v. ; 50 cm.</subfield></datafield><datafield ind1=" " ind2=" " tag="310"><subfield code="a">Weekly</subfield></datafield><datafield ind1="0" ind2=" " tag="362"><subfield code="a">Vol. 2, no. 1 (Dec. 2, 1824)-v. 2, no. 33 (July 21, 1825).</subfield></datafield><datafield ind1=" " ind2="0" tag="651"><subfield code="a">Machias East Falls (Me.)</subfield><subfield code="v">Newspapers.</subfield></datafield><datafield ind1=" " ind2="0" tag="651"><subfield code="a">Machias (Me.)</subfield><subfield code="v">Newspapers.</subfield></datafield><datafield ind1=" " ind2=" " tag="752"><subfield code="a">United States</subfield><subfield code="b">Maine</subfield><subfield code="c">Washington</subfield><subfield code="d">Machias.</subfield></datafield><datafield ind1="0" ind2="0" tag="780"><subfield code="t">Eastern star (Machias, Me.)</subfield><subfield code="w">(DLC)sn 83009622</subfield></datafield></record>